@misc{li_andreeto_ranzato_perona_2022, title={Caltech 101}, DOI={10.22002/D1.20086}, abstractNote={Pictures of objects belonging to 101 categories. About 40 to 800 images per category. Most categories have about 50 images. Collected in September 2003 by Fei-Fei Li, Marco Andreetto, and Marc'Aurelio Ranzato. The size of each image is roughly 300 x 200 pixels. We have carefully clicked outlines of each object in these pictures, these are included under the 'Annotations.tar'. There is also a MATLAB script to view the annotations, 'show_annotations.m'.}, publisher={CaltechDATA}, author={Li, Fei-Fei and Andreeto, Marco and Ranzato, Marc'Aurelio and Perona, Pietro}, year={2022}, month={Apr} }

@inproceedings {khare2023SpotOn,
title            = {{SpotOn: A Gradient-based Targeted Data Poisoning Attack on Deep Neural Networks}},
year             = "2023",
author           = "Yash Khare and Kumud Lakara and Sparsh Mittal and Arvind Kaushik and Rekha Singhal",
booktitle        = "24th International Symposium on Quality Electronic Design (ISQED)",
address          = "California, USA",
}